<record><leader>00000cas a22000007a 4500</leader><controlfield tag="001">9231740</controlfield><controlfield tag="008">830217d18331833mduir ne      0    0eng  </controlfield><datafield ind1=" " ind2=" " tag="010"><subfield code="a">sn 83009608 </subfield></datafield><datafield ind1=" " ind2=" " tag="040"><subfield code="a">DLC</subfield><subfield code="b">eng</subfield><subfield code="c">DLC</subfield><subfield code="d">NPX</subfield><subfield code="d">DLC</subfield><subfield code="d">MFN</subfield><subfield code="d">OCLCQ</subfield></datafield><datafield ind1=" " ind2=" " tag="042"><subfield code="a">msc</subfield></datafield><datafield ind1="0" ind2="0" tag="050"><subfield code="a">Newspaper 8079</subfield></datafield><datafield ind1="0" ind2="4" tag="245"><subfield code="a">The chronicle &amp; Marylander.</subfield></datafield><datafield ind1="3" ind2="0" tag="246"><subfield code="a">Chronicle and Marylander</subfield></datafield><datafield ind1=" " ind2=" " tag="260"><subfield code="a">Baltimore, Md. :</subfield><subfield code="b">Leakin &amp; Barnes</subfield></datafield><datafield ind1=" " ind2=" " tag="300"><subfield code="a">v.</subfield></datafield><datafield ind1=" " ind2=" " tag="310"><subfield code="a">Triweekly</subfield></datafield><datafield ind1="1" ind2=" " tag="362"><subfield code="a">Began in 1833.</subfield></datafield><datafield ind1="0" ind2=" " tag="362"><subfield code="a">-Feb. 13, 1833.</subfield></datafield><datafield ind1=" " ind2=" " tag="588"><subfield code="a">Description based on: Feb. 8, 1833.</subfield></datafield><datafield ind1=" " ind2=" " tag="752"><subfield code="a">United States</subfield><subfield code="b">Maryland</subfield><subfield code="d">Baltimore.</subfield></datafield><datafield ind1="0" ind2=" " tag="775"><subfield code="t">Commercial chronicle and daily Marylander (Baltimore, Md. : Daily)</subfield><subfield code="w">(DLC)sn 83009596</subfield></datafield><datafield ind1="0" ind2="0" tag="780"><subfield code="t">Chronicle &amp; daily Marylander</subfield><subfield code="w">(DLC)sn 83009603</subfield></datafield><datafield ind1="0" ind2="0" tag="785"><subfield code="t">Chronicle (Baltimore, Md.)</subfield><subfield code="w">(DLC)sn 83009609</subfield></datafield><datafield ind1="1" ind2=" " tag="029"><subfield code="a">AU@</subfield><subfield code="b">000025819633</subfield></datafield></record>